<?xml version="1.0" encoding="UTF-8"?><collection xmlns="http://www.loc.gov/MARC21/slim"><record><leader>00584nam--2200193-i-4500</leader><controlfield tag="001">000019461</controlfield><controlfield tag="002">20161230</controlfield><controlfield tag="005">20161230201033</controlfield><controlfield tag="008">060222s1000------------r-----000-0-eng-d</controlfield><datafield ind1=" " ind2=" " tag="020"><subfield code="a">0720402395</subfield></datafield><datafield ind1=" " ind2=" " tag="040"><subfield code="a">IFIN-HH</subfield></datafield><datafield ind1=" " ind2=" " tag="080"><subfield code="a">519.240(075.8):530.161(075.8)</subfield></datafield><datafield ind1="1" ind2=" " tag="100"><subfield code="a">Eadie, W.T. /S.A.</subfield></datafield><datafield ind1="1" ind2="0" tag="245"><subfield code="a">Statistical methods in experimental physics</subfield><subfield code="c">W.t. eadie, d. dryard, f.e. james, m. roos, b. sadoulet</subfield></datafield><datafield ind1=" " ind2=" " tag="260"><subfield code="a">Amsterdam</subfield><subfield code="b">North-holland Publishing Company</subfield><subfield code="c">1971</subfield></datafield><datafield ind1=" " ind2=" " tag="300"><subfield code="a">XII+296 P</subfield></datafield><datafield ind1="1" ind2=" " tag="700"><subfield code="a">Sadoulet, B</subfield></datafield><datafield ind1=" " ind2=" " tag="852"><subfield code="a">36496</subfield><subfield code="c">53.08</subfield></datafield><datafield ind1=" " ind2=" " tag="CAT"><subfield code="a">Sys</subfield><subfield code="c">20110905</subfield><subfield code="h">114434</subfield></datafield></record></collection>